@Misc{hmm-wiki,
  author = {Wikipedia contributors},
  year = {2017},
  title =  {Hidden Markov Model},
  note = {[Online] \\ \url{https://en.wikipedia.org/wiki/Hidden_Markov_model}},
},

@ARTICLE{rabiner,
author={L. R. Rabiner},
journal={Proceedings of the IEEE},
title={A tutorial on hidden Markov models and selected applications in speech recognition},
year={1989},
pages={257-286},
}

@inbook{jurafsky_martin,
title={Speech and Language Processing: Hidden Markov Models},
author={Jurafsky, Daniel and Martin, James H.},
year={2014},
pages={173â€“212},
}

@Misc{amd-reductions,
  author = {Catanzaro, Bryan},
  year = {2010},
  title =  {OpenCL Optimization Case Study: Simple Reductions},
  note = {[Online] \\ \url{https://developer.amd.com/resources/articles-whitepapers/opencl-optimization-case-study-simple-reductions/}},
},


@Misc{cuda-reductions,
  author = {Harris, Mark},
  title =  {Optimizing Parallel Reduction in CUDA},
  note = {[Online] \\ \url{http://developer.download.nvidia.com/compute/cuda/1.1-Beta/x86_website/projects/reduction/doc/reduction.pdf}},
},

@Misc{computing-log-sum,
  author = {Adams, Ryan},
  title =  {Computing Log-Sum-Exp},
  year = {2013},
  note = {[Online] \\ \url{https://hips.seas.harvard.edu/blog/2013/01/09/computing-log-sum-exp/}},
},
